@Comment ======== Todas as citações do nosso TCC ==================
@Comment ==========================================================

@book{telecommunications,
  author     = {{Lathi} B. P., {Ding} Zhi},
  title      = "Modern Digital and Analog Communication Systems",
  publisher  = {Oxford University Press},
  year       = 2009
}

@book{information_security,
  author     = {{Bernstein} Terry, {Bhimani} Anish B., {Schultz} Eugene, {Siegel} Carol A.},
  title      = "Internet Security for Business",
  publisher  = {Wiley},
  year       = 1996
}

@book{cryptography,
  author     = {{Stinson} Douglas R.},
  title      = "Cryptography: Theory and Practice",
  publisher  = {Chapman and Hall/CRC},
  year       = 2005
}

@book{internet,
  author     = {{Kurose} James F., {Ross} Keith W.},
  title      = "Computer Networking: A Top-Down Approach",
  publisher  = {Pearson},
  year       = 2012
}

@book{cryptanalysis,
  author     = {{Swenson} Christopher},
  title      = "Modern Cryptanalysis: Techniques for Advanced Code Breaking",
  publisher  = {Wiley},
  year       = 2008
}

@inproceedings{agosta2012exploiting,
  title={Exploiting bit-level parallelism in GPGPUs: A case study on KeeLoq exhaustive key search attack},
  author={Agosta, Giovanni and Barenghi, Alessandro and Pelosi, Gerardo},
  booktitle={ARCS Workshops (ARCS), 2012},
  pages={1--7},
  year={2012},
  organization={IEEE}
}

@article{mohamed2013improved,
  title={Improved algebraic side-channel attack on AES},
  author={Mohamed, Mohamed Saied Emam and Bulygin, Stanislav and Zohner, Michael and Heuser, Annelie and Walter, Michael and Buchmann, Johannes},
  journal={Journal of Cryptographic Engineering},
  volume={3},
  number={3},
  pages={139--156},
  year={2013},
  publisher={Springer}
}

@inproceedings{chang1999customization,
  title={Customization of a CISC processor core for low-power applications},
  author={Chang, You-Sung and Park, Bong-Il and Park, In-Cheol and Kyung, Chong-Min},
  booktitle={Computer Design, 1999.(ICCD'99) International Conference on},
  pages={152--157},
  year={1999},
  organization={IEEE}
}

@book{patterson,
  title     = "{Computer Organization and Design: the Hardware/Software Interface}",
  author    = {{Patterson} David, {Hennessy} John L.},
  publisher = {Morgan Kaufmann Publishers},
  series    = {The Morgan Kaufmann Series in Computer Architecture and Design},
  year      = {2011}
}

@inproceedings{hsieh2001microprocessor,
  title={Microprocessor power analysis by labeled simulation},
  author={Hsieh, Cheng-Ta and Chen, Lung-sheng and Pedram, Massoud},
  booktitle={Proceedings of the conference on Design, automation and test in Europe},
  pages={182--189},
  year={2001},
  organization={IEEE Press}
}

@inproceedings{ong2010implementation,
  title={Implementation of (15, 9) Reed Solomon Minimal Instruction Set Computing on FPGA using Handel-C},
  author={Ong, Jia Jan and Ang, L-M and Seng, KP},
  booktitle={Computer Applications and Industrial Electronics (ICCAIE), 2010 International Conference on},
  pages={356--361},
  year={2010},
  organization={IEEE}
}

@inproceedings{brant2012zuma,
  title={ZUMA: an open FPGA overlay architecture},
  author={Brant, Alexander and Lemieux, Guy GF},
  booktitle={Field-Programmable Custom Computing Machines (FCCM), 2012 IEEE 20th Annual International Symposium on},
  pages={93--96},
  year={2012},
  organization={IEEE}
}

@article{subleq,
  author    = {{Mazonka}, O. and {Kolodin}, A.},
  title     = "{A Simple Multi-Processor Computer Based on Subleq}",
  journal   = {ArXiv e-prints},
  keywords  = {hardware architecture, programming languages},
  year      = {2011},
  month     = {June}
}

@book{principles,
  author     = {{Murdocca} Miles, {Heuring} Vincent P.},
  title      = "{Principles of Computer Architecture}",
  publisher  = {Prentice Hall},
  year       = {1999}
}

@book{hennessy,
  title     = "{Computer Architecture: A Quantitative Approach}",
  author    = {{Hennessy} John L., {Patterson} David},
  publisher = {Morgan Kaufman Publishers},
  year      = {1989}
}

@book{mostafa,
  title       = "{Fundamentals of Computer Organization and Architecture}",
  author      = {Mostafa Abd-El-Barr, Hesham El-Rewini},
  publisher   = {Wiley},
  month       = {December},
  year        = {2004}
}


@book{minimalist,
  author    = {{Gilreath} William F., {Laplante} Phillip A.},
  title     = "{Computer Architecture: A Minimalist Perspective: Dynamics and Sustainability}",
  publisher = {Springer},
  year      = {2003}
}

@Comment Esse formato foi descrito no repositório NASA ADS
@article{subleq,
  author    = {{Mazonka}, O. and {Kolodin}, A.},
  title     = "{A Simple Multi-Processor Computer Based on Subleq}",
  journal   = {ArXiv e-prints},
  keywords  = {hardware architecture, programming languages},
  year      = {2011},
  month     = {June}
}

@article{powerfpga,
  author  = {{Grover}, N. and {Soni}, M.K.},
  title   = "{Reduction of Power Consumption in FPGAs - An Overview}",
  journal = {I. J. Information Engineering and Electronic Business},
  year    = {2012},
  month   = {May}
}

